@online{OSMnode,
  author = {OpenStreetMaps},
  title = {Node – OpenStreetMap Wiki},
  year = 2015,
  url = {http://wiki.openstreetmap.org/w/index.php?title=Node&oldid=1189910},
  urldate = {2015-06-30}
}

@online{OSMadminlevel,
  author = {OpenStreetMaps},
  title = {Tag:boundary=administrative – OpenStreetMap Wiki},
  year = 2015,
  url = {http://wiki.openstreetmap.org/w/index.php?title=Tag:boundary%3Dadministrative&oldid=1141872},
  urldate = {2015-06-30}
}
